% DCAT Standard and Open Data
@techreport{dcat2020,
    title = {Data Catalog Vocabulary (DCAT) - Version 2},
    author = {Albertoni, Riccardo and Browning, David and Cox, Simon and Gonzalez Beltran, Alejandra and Perego, Andrea and Winstanley, Peter},
    year = {2020},
    institution = {W3C},
    type = {W3C Recommendation},
    url = {https://www.w3.org/TR/vocab-dcat-2/}
}

@article{janssen2012benefits,
    title={Benefits, adoption barriers and myths of open data and open government},
    author={Janssen, Marijn and Charalabidis, Yannis and Zuiderwijk, Anneke},
    journal={Information systems management},
    volume={29},
    number={4},
    pages={258--268},
    year={2012},
    publisher={Taylor \& Francis}
}

% Large Language Models and AI
@article{brown2020language,
    title={Language models are few-shot learners},
    author={Brown, Tom and Mann, Benjamin and Ryder, Nick and Subbiah, Melanie and Kaplan, Jared D and Dhariwal, Prafulla and Neelakantan, Arvind and Shyam, Pranav and Sastry, Girish and Askell, Amanda and others},
    journal={Advances in neural information processing systems},
    volume={33},
    pages={1877--1901},
    year={2020}
}

@article{devlin2018bert,
    title={Bert: Pre-training of deep bidirectional transformers for language understanding},
    author={Devlin, Jacob and Chang, Ming-Wei and Lee, Kenton and Toutanova, Kristina},
    journal={arXiv preprint arXiv:1810.04805},
    year={2018}
}

% RAG and Vector Databases
@article{lewis2020retrieval,
    title={Retrieval-augmented generation for knowledge-intensive NLP tasks},
    author={Lewis, Mike and Perez, Ethan and Piktus, Aleksandra and Petroni, Fabio and Karpukhin, Vladimir and Goyal, Naman and K{\"u}ttler, Heinrich and Lewis, Mike and Yih, Wen-tau and Rockt{\"a}schel, Tim and others},
    journal={Advances in Neural Information Processing Systems},
    volume={33},
    pages={9459--9474},
    year={2020}
}

@article{reimers2019sentence,
    title={Sentence-bert: Sentence embeddings using siamese bert-networks},
    author={Reimers, Nils and Gurevych, Iryna},
    journal={arXiv preprint arXiv:1908.10084},
    year={2019}
}

% Metadata Analysis and Semantic Web
@article{bizer2009linked,
    title={Linked data-the story so far},
    author={Bizer, Christian and Heath, Tom and Berners-Lee, Tim},
    journal={International journal on semantic web and information systems},
    volume={5},
    number={3},
    pages={1--22},
    year={2009},
    publisher={IGI Global}
}

@inproceedings{neumaier2016automated,
    title={Automated quality assessment of metadata across open data portals},
    author={Neumaier, Sebastian and Umbrich, J{\"u}rgen and Polleres, Axel},
    booktitle={Proceedings of the 8th International Conference on Knowledge Capture},
    pages={1--8},
    year={2016}
}

@incollection{charalabidis2018open,
    title = {Open Data Evaluation Models: Theory and Practice},
    author = {Charalabidis, Yannis and Zuiderwijk, Anneke and Alexopoulos, Charalampos and Janssen, Marijn and Lampoltshammer, Thomas and Ferro, Enrico},
    booktitle = {The World of Open Data},
    publisher = {Springer},
    series = {Public Administration and Information Technology},
    year = {2018},
    pages = {137--172},
    chapter = {0}
}

@inproceedings{noy2019industry,
    title={Industry-scale knowledge graphs: Lessons and challenges},
    author={Noy, Natasha and Gao, Yuqing and Jain, Anshu and Narayanan, Anant and Patterson, Alan and Taylor, Jamie},
    booktitle={Communications of the ACM},
    volume={62},
    number={8},
    pages={36--43},
    year={2019}
}

% Multimodal Search and Vector Databases
@article{wang2023vector,
    title={A survey on vector database: Storage and retrieval technique and application},
    author={Wang, Yujia and Wang, Weizhi and Liang, Yile and Cai, Yifan and Hooi, Bryan},
    journal={arXiv preprint arXiv:2302.14052},
    year={2023}
}

@article{liu2023survey,
    title={A survey on multimodal large language models},
    author={Liu, Haotian and Li, Chunyuan and Wu, Qingyang and Lee, Yong Jae},
    journal={arXiv preprint arXiv:2306.13549},
    year={2023}
}

% Performance Optimization
@article{wang2023efficient,
    title={A survey on efficient inference for large language models},
    author={Wang, Yujia and Wang, Weizhi and Liang, Yile and Cai, Yifan and Hooi, Bryan},
    journal={arXiv preprint arXiv:2304.14294},
    year={2023}
}

@article{emonet2024llm,
    title = {LLM-based SPARQL Query Generation from Natural Language over Federated Knowledge Graphs},
    author = {Emonet, Vincent and others},
    journal = {arXiv preprint arXiv:2410.06062},
    year = {2024}
} 